@misc{smoke_dataset,
  title = {Smoke Detection Dataset},
  author = {DeepContractor},
  year = {2024},
  url = {https://www.kaggle.com/datasets/deepcontractor/smoke-detection-dataset/data},
  note = {Accessed: December 11, 2024}
}
