@article{smokeacc,
	title        = {Investigation of the Performance and Improvement of Optical Smoke Detectors},
	author       = {Fong, Nai kong},
	year         = 2013,
	month        = 12,
	journal      = {Procedia Engineering},
	volume       = 62,
	pages        = {},
	doi          = {10.1016/j.proeng.2013.08.152}
}
@techreport{crywolf,
	title        = {Housing evacuation of mixed abilities occupants in highrise buildings},
	author       = {Proulx, G. and Latour, J. C. and MacLaurin, J. W. and Pineau, J. and Hoffman, L. E. and Laroche, C.},
	year         = 1995,
	month        = {Aug},
	day          = {01},
	publisher    = {National Research Council of Canada},
	series       = {Internal Report (National Research Council of Canada. Institute for Research in Construction); no. IRC-IR-706},
	doi          = {10.4224/20375582},
	url          = {https://doi.org/10.4224/20375582},
	institution  = {National Research Council of Canada. Institute for Research in Construction},
	keywords     = {Human behaviour; Comportement humain},
	language     = {eng}
}
@misc{Blattmann,
	title        = {Real-time smoke detection with AI-based sensor fusion},
	author       = {Blattmann, Stefan},
	year         = 2022,
	month        = {Aug},
	journal      = {Hackster.io},
	publisher    = {Hackster.io},
	url          = {https://www.hackster.io/stefanblattmann/real-time-smoke-detection-with-ai-based-sensor-fusion-1086e6#toc-background-1}
}
@inproceedings{ai1,
	title        = {Artificial Intelligence Based Fire and Smoke Detection and Security Control System},
	author       = {Prasad, Harsh and Singh, Akshit and Thakur, Jatin and Choudhary, Chahil and Vyas, Narayan},
	year         = 2023,
	booktitle    = {2023 International Conference on Network, Multimedia and Information Technology (NMITCON)},
	volume       = {},
	number       = {},
	pages        = {01--06},
	doi          = {10.1109/NMITCON58196.2023.10276198},
	keywords     = {Visualization;Event detection;Multimedia systems;Speech recognition;Control systems;Real-time systems;Safety;Artificial Intelligence;Alarms;Bounding Boxes;Fire;False Alarms;Reaction Time;Smoke}
}
@inproceedings{ai2,
	title        = {Explainable AI and YOLOv8-based Framework for Indoor Fire and Smoke Detection},
	author       = {Dewangan, Devendra Kumar and Gupta, Govind P.},
	year         = 2024,
	booktitle    = {2024 IEEE International Conference on Information Technology, Electronics and Intelligent Communication Systems (ICITEICS)},
	volume       = {},
	number       = {},
	pages        = {1--6},
	doi          = {10.1109/ICITEICS61368.2024.10624874},
	keywords     = {Computer vision;Analytical models;Accuracy;Explainable AI;Communication systems;Computational modeling;Performance analysis;Fire Detection;Smoke Detection;YOLOv8;Ob-ject Detection;Deep Learning}
}
@inproceedings{ai3,
	title        = {A novel fire monitoring system for electric bicycle shed based on YOLOv8},
	author       = {Zhong, Hongyang and Wang, Ziwen and Chen, Zhiyi and Chen, Wenhao and Li, Yujie},
	year         = 2023,
	booktitle    = {2023 IEEE 16th International Symposium on Embedded Multicore/Many-core Systems-on-Chip (MCSoC)},
	volume       = {},
	number       = {},
	pages        = {142--147},
	doi          = {10.1109/MCSoC60832.2023.00029},
	keywords     = {Deep learning;Computers;Costs;Multicore processing;Surveillance;Bicycles;Real-time systems;electric bicycle;fire alarm;monitoring system;bicycle shed;YOLOv8}
}
